@book{hastie2015sparsity,
    title={Statistical learning with sparsity: the lasso and generalizations},
    author={Hastie, Trevor and Tibshirani, Robert and Wainwright, Martin},
    year={2015},
    publisher={CRC press}
}

@article{tibs-taylor-2011,
    author = {Ryan J. Tibshirani and Jonathan Taylor},
    title = {{The solution path of the generalized lasso}},
    volume = {39},
    journal = {The Annals of Statistics},
    number = {3},
    publisher = {Institute of Mathematical Statistics},
    pages = {1335 -- 1371},
    keywords = {Degrees of freedom, Lagrange dual, LARS, Lasso, path algorithm},
    year = {2011},
    doi = {10.1214/11-AOS878},
    URL = {https://doi.org/10.1214/11-AOS878}
}

@article{tibs-trend-filter,
    author = {Ryan J. Tibshirani},
    title = {{Adaptive piecewise polynomial estimation via trend filtering}},
    volume = {42},
    journal = {The Annals of Statistics},
    number = {1},
    publisher = {Institute of Mathematical Statistics},
    pages = {285 -- 323},
    keywords = {lasso stability, locally adaptive regression splines, minimax convergence rate, Nonparametric regression, smoothing splines, Trend filtering},
    year = {2014},
    doi = {10.1214/13-AOS1189},
    URL = {https://doi.org/10.1214/13-AOS1189}
}

@INPROCEEDINGS{synthesis-analysis,
    author={Elad, Michael and Milanfar, Peyman and Rubinstein, Ron},
    booktitle={2006 14th European Signal Processing Conference}, 
    title={Analysis versus synthesis in signal priors}, 
    year={2006},
    volume={},
    number={},
    pages={1-5},
    doi={}
}

@book{ramsay2017dynamic,
    title={Dynamic data analysis},
    author={Ramsay, James and Hooker, Giles},
    year={2017},
    publisher={Springer}
}